% Encoding: UTF-8@article

@misc{zheng2016car,
    author = "{Zheng Wang}",
    publisher = "Zheng Wang",
    title = "Self Driving RC Car",
    url = "https://zhengludwig.wordpress.com/projects/self-driving-rc-car/",
    note = {Besucht am 26.02.2017}
    }

@misc{zotti2016car,
    author = "{Ryan Zotti}",
    publisher = "Ryan Zotti",
    title = "Self-Driving-Car",
    url = "https://github.com/RyanZotti/Self-Driving-Car",
    note = {Besucht am 26.02.2017}
    }

@misc{calibrate2016cam,
    author = "{James Bowman, Patrick Mihelich}",
    publisher = "James Bowman, Patrick Mihelich",
    title = "How to Calibrate a Monocular Camera",
    url = "http://wiki.ros.org/camera_calibration/Tutorials/MonocularCalibration",
    note = {Besucht am 27.02.2017}
    }

@misc{stanfordcs231n,
    author = "{Andrej Karpathy, Justin Johnson}",
    publisher = "Stanford University",
    title = "CS231n: Convolutional Neural Networks for Visual Recognition",
    url = "http://cs231n.github.io/",
    note = {Besucht am 27.02.2017}
    }

@misc{johnloss,
    author = "{John Langford}",
    publisher = "John Langford",
    title = "Loss functions",
    url = "https://github.com/JohnLangford/vowpal_wabbit/wiki/Loss-functions",
    note = {Besucht am 27.02.2017}
    }

@misc{optimizationmethods,
    author = "{Sebastian Ruder}",
    publisher = "Sebastian Ruder",
    title = "An overview of gradient descent optimization algorithms",
    url = "http://sebastianruder.com/optimizing-gradient-descent/",
    note = {Besucht am 27.02.2017}
    }

@misc{trainyolo,
    author = "{Guanghan Ning}",
    publisher = "GitHub, Inc",
    title = "Start Training YOLO with Our Own Data",
    url = "http://guanghan.info/blog/en/my-works/train-yolo/",
    note = {Besucht am 6.03.2017}
    }

@misc{darknetros,
    author = "{pgigioli}",
    publisher = "Guanghan Ning's Blog",
    title = "Darknet ROS",
    url = "https://github.com/pgigioli/darknet_ros",
    note = {Besucht am 6.03.2017}
    }

@online{yolocfg,
 title = "Darknet configurations",
 url     = "https://github.com/pjreddie/darknet/tree/master/cfg/yolov1",
 note = {Besucht am 6.03.2017}
}




@online{roscomm,
 author = "{designnews}",
 title = "Die ROS-Kommunikationsarchitektur",
 url     = "https://www.designnews.com/sites/default/files/Design%20News/ROS_System_Model.jpg",
 note = {Besucht am 3.02.2020}
}

@online{rosinstall,
 author = "{Levi-Armstrong}",
 title = "ros-qtc-plugins",
 url     = "https://github.com/Levi-Armstrong/ros_qtc_plugins/wiki/Setup-Qt-Creator-for-ROS",
 note = {Besucht am 3.02.2020}
}

@online{rosinstall,
 author = "{Levi-Armstrong}",
 title = "ros-qtc-plugins",
 url     = "https://github.com/Levi-Armstrong/ros_qtc_plugins/wiki/Setup-Qt-Creator-for-ROS",
 note = {Besucht am 3.02.2020}
}

@online{simcomp,
    author = "{Pitonakova, L., Giuliani, M., Pipe, A., Winfield, A.}",
    title = "Robot Simulator Comparison",
    url = "http://lenkaspace.net/tutorials/programming/robotSimulatorsComparison",
    note = {Besucht am 3.02.2020}
    }


@misc{gazebovrepeval,
    author = "{Floarian Dannenberg}",
    title = "Simulation abstrakter Umweltszenarien zur Validierung kamerabasierter Fahrspur- und Elementerkennungsalgorithmen f√ºr den Einsatz auf autonomen Modellfahrzeugen",
    url = "https://autonomesysteme.informatik.haw-hamburg.de/papers/2018Dannenberg.pdf",
    note = {Besucht am 3.02.2020}
    }


@online{tum,
    author = "{syxolk}",
    title = "Verkehrszeichen und Markierungen",
    url = "https://github.com/tum-phoenix/drive_sim_road_generation/tree/master/commonroad/renderer",
    note = {Besucht am 3.02.2020}
    }


@online{ackerm,
    author = "{trainman419}",
    title = "Ackermann Fahrzeug",
    url = "https://github.com/trainman419/ackermann_vehicle-1/tree/master/ackermann_vehicle_gazebo",
    note = {Besucht am 3.02.2020}
    }

@misc{drauschke,
    author = "{Clemens Drauschke}",
    title = "Echtzeitfaehige Startpunktalgorithmen fuer kamerabasierte Fahrspur-, Kreuzungs- und Hindernisidentifikation",
    url = "https://autonomesysteme.informatik.haw-hamburg.de/papers/2016Drauschke.pdf",
    note = {Besucht am 4.02.2020}
    }


@misc{kuhnt,
    author = "{Florian Kuhnt}",
    title = "Robust Environment Perception for the Audi Autonomous Driving Cup",
    url = "https://www.researchgate.net/publication/309675872_Robust_Environment_Perception_for_the_Audi_Autonomous_Driving_Cup",
    note = {Besucht am 4.02.2020}
    }

@misc{survey,
    author = "{Yang Xing, Chen Lv}",
    title = "Advances in Vision-Based Lane Detection: Algorithms, Integration, Assessment, and Perspectives on ACP-Based Parallel Vision",
    url = "http://www.ieee-jas.org/fileZDHXBEN/journal/article/zdhxbywb/2018/3/PDF/jas-5-3-645.pdf",
    note = {Besucht am 4.02.2020}
    }








@online{RCNN,
 
 title = "Objectdetection with R-CNN",
 url     = "https://leonardoaraujosantos.gitbooks.io/artificial-inteligence/content/more_images/RCNNSimple.png",
 note = {Besucht am 6.03.2017}
}

@online{yoloworkflow,
 
 title = "YOLO workflow",
 url     = "https://4.bp.blogspot.com/-wpLrlSGc46I/V3g5g4jLZGI/AAAAAAAAF3M/8GmP8H6xioE32gpODHfxbI0lb-pS9jjQQCKgB/s1600/YOLO.png",
 note = {Besucht am 6.03.2017}
}





@online{convdemo,
 
 title = "Convolution Demonstration",
 url     = "http://cs231n.github.io/assets/conv-demo/index.html",
 note = {Besucht am 6.03.2017}
}

https://4.bp.blogspot.com/-wpLrlSGc46I/V3g5g4jLZGI/AAAAAAAAF3M/8GmP8H6xioE32gpODHfxbI0lb-pS9jjQQCKgB/s1600/YOLO.png

@online{localization,
 
 title = "Localization with Regression",
 url     = "https://leonardoaraujosantos.gitbooks.io/artificial-inteligence/content/more_images/LocalizationRegression2.png",
 note = {Besucht am 6.03.2017}
}




@online{convnet,
 
 title = "CNN Architetecture",
 url     = "http://cs231n.github.io/assets/cnn/convnet.jpeg",
 note = {Besucht am 6.03.2017}
}

@online{maxpool,
 
 title = "MAX Pooling",
 url     = "http://cs231n.github.io/assets/cnn/maxpool.jpeg",
 note = {Besucht am 6.03.2017}
}



@online{kuenstlichesneuron,
 author = "{Paul Balzer}",
 title = "Kuenstliches Neuron",
 url     = "http://www.cbcity.de/wp-content/uploads/2016/03/Neuronales_Netz_Layer-770x578.png",
 note = {Besucht am 27.02.2017}
}

@online{integralimage,
author = { Alex Evans },
title = {Four Tricks for Fast Blurring in Software and Hardware},
 url     = "http://www.gamasutra.com/features/20010209/figure3.gif",
 note = {Besucht am 3.02.2017}
}

@online{stanfordyolo,
author = {Stanford University CS231n},
title = {Spatial Localization and Detection},
 url     = "http://cs231n.stanford.edu/slides/winter1516_lecture8.pdf",
 note = {Besucht am 6.03.2017}
}




@report{haarparameters,
author = {Rainer Lienhart, Alexander Kuranov, Vadim Pisarevsky},
title = {Empirical Analysis of Detection Cascades of Boosted Classifiers for Rapid Object Detection},
year = {2002}
institution ={Microprocessor Research Lab, Intel Labs}
}

@report{hubelwiesel,
author = {D. H. Hubel, T. N. Wiesel},
title = {RECEPTIVE FIELDS, BINOCULAR INTERACTION AND FUNCTIONAL ARCHITECTURE IN THE CAT'S VISUAL CORTEX},
year = {1961}
institution ={Neurophysiolojy Laboratory, Department of Pharmacology Harvard Aledical School, Boston}
}

@report{adaboost,
author = {Yoav Freund, Robert E. Schapire},
title = {A Short Introduction to Boosting},
year = {1999}
institution ={AT&T Labs - Research}
}


@report{HOG,
author = {Navneet Dalal, Bill Triggs},
title = {Histograms of Oriented Gradients for Human Detection},
year = {2005}
}

@report{SIFT,
author = {David G. Lowe},
title = {Distinctive Image Features from Scale-Invariant Keypoints},
year = {2004}
institution ={Computer Science Department University of British Columbia Vancouver}
}


@report{SURF,
author = {Herbert Bay, Tinne Tuytelaars,Luc Van Gool},
title = {SURF: Speeded Up Robust Features},
year = {2006}
institution ={ETH Zurich}
}

@report{SVM,
author = {Corinna Cortes, Vladimir Vapnik},
title = {Support-Vector Networks},
year = {1995}
institution ={AT&T Bell Labs}
}

@report{AlexNET,
author = {Alex Krizhevsky, Ilya Sutskever, Geoffrey E. Hinton},
title = {ImageNet Classification with Deep Convolutional Neural Networks},
year = {2012}
institution ={University of Toronto}
}

@report{GoogLeNet,
author = {Christian Szeged, Wei Liu, Yangqing Jia , Pierre Sermanet  , Scott Reed  ,Dragomir Anguelov  , Dumitru Erhan  , Vincent Vanhoucke  , Andrew Rabinovich },
title = {Going Deeper with Convolutions},
year = {2015}
institution ={Google Inc, University of North Carolina, University of Michigan}
}

@report{summedareatables,
author = {Franklin C. Crow},
title = {Summed-Area Tables for Texture Mapping},
year = {1984}
institution ={Computer Sciences Laboratory Xerox Palo Alto Research Center}
}



@report{HaarCascade,
author = {Paul Viola, Michael Jone },
title = {Rapid Object Detection using a Boosted Cascade of Simple
Features},
year = {2001}
institution ={Mitsubishi Electric Research Labs, Compaq CRL
One Cambridge Center}
}

@report{Haar,
author = {Constantine Papageorgiou, Tomasu Poggio},
title = {A Trainable System for Object Detection},
year = {2000}
institution ={Center for Biological and Computational Learning, Artificial Intelligence Laboratory, MIT,
Cambridge}
}


@report{ResNET,
author = {Kaiming He, Xiangyu Zhang, Shaoqing Ren, Jian Sun},
title = {Deep Residual Learning for Image Recognition},
year = {2015}
institution ={Microsoft Research}
}

@report{FasterRCNN,
author = {Shaoqing Ren, Kaiming He, Ross Girshick, and Jian Sun},
title = {Faster R-CNN: Towards Real-Time Object Detection with Region Proposal Networks},
year = {2015}

}

@report{SSD,
author = {Wei Liu  , Dragomir Anguelov  , Dumitru Erhan  , Christian Szegedy  ,Scott Reed  , Cheng-Yang Fu  , Alexander C. Berg },
title = {SSD: Single Shot MultiBox Detector},
year = {2015}
institution ={NC Chapel Hill, Zoox Inc.,  Google Inc., University of Michigan}
}

@report{YOLO,
author = {Joseph Redmon, Santosh Divvala, Ross Girshick, Ali Farhadi},
title = {You Only Look Once: Unified, Real-Time Object Detection},
year = {2015}
institution ={University of Washington, Facebook AI Research}
}

@report{FasterRCNNTraffic,
author = {Zhe Zhu, Dun Liang, Songhai Zhang},
title = {Traffic-Sign Detection and Classification in the Wild},
year = {2016}
institution ={TNList, Tsinghua University Beijing, China}
}




@inproceedings{Houben-IJCNN-2013,
   author = {Sebastian Houben and Johannes Stallkamp and Jan Salmen and Marc Schlipsing and Christian Igel},
   booktitle = {International Joint Conference on Neural Networks},
   title = {Detection of Traffic Signs in Real-World Images: The {G}erman {T}raffic {S}ign {D}etection {B}enchmark},
   number = {1288},
   year = {2013},
}

@inproceedings{Stallkamp-IJCNN-2011,
    author = {Johannes Stallkamp and Marc Schlipsing and Jan Salmen and Christian Igel},
    booktitle = {IEEE International Joint Conference on Neural Networks},
    title = {The {G}erman {T}raffic {S}ign {R}ecognition {B}enchmark: A multi-class classification competition},
    year = {2011},
    pages = {1453--1460}
}






@book{alves2003camera,
  title={Camera-inertial sensor modelling and alignment for visual navigation},
  author={Alves, Joao and Lobo, Jorge and Dias, Jorge},
  journal={Machine Intelligence and Robotic Control},
  volume={5},
  number={3},
  pages={103--112},
  year={2003}
}
  
@book{azad2007computer,
  title={Computer Vision: Das Praxisbuch},
  author={Azad, Pedram and Gockel, Tilo and Dillmann, R{\"u}diger},
  year={2007},
  publisher={Elektor-Verlag Aachen}
}

@book{bradski2008opencv,
  title = {Learning OpenCV : [computer vision with the OpenCV library]},
  author = {Bradski, Gary R. and Kaehler, Adrian},
  address = {Beijing},
  publisher = {OReilly},
  year = {2008}, 
  edition = {1. ed.}
} 

@book{brammer1990kalman,
title = {Stochastische Grundlagen des Kalman-Bucy-Filters : Wahrscheinlichkeitsrechnung und Zufallsprozesse; mit 2 Tabellen},
series = {Methoden der Regelungstechnik},
author = {Brammer, Karl and Siffling, Gerhard},
address = {M{\"u}nchen},
publisher = {Oldenbourg},
year = {1990},
edition = {3., verb. Aufl.}
}

@article{corke2007introduction,
  title={An introduction to inertial and visual sensing},
  author={Corke, Peter and Lobo, Jorge and Dias, Jorge},
  journal={The International Journal of Robotics Research},
  volume={26},
  number={6},
  pages={519--535},
  year={2007},
  publisher={SAGE Publications}
}

@TechReport{dorobantu1999imu,
  author =      {Dorobantu, Raul},
  title =       {Simulation des Verhaltens einer low-cost Strapdown-IMU unter Laborbedingungen},
  institution = {Institut f{\"u}r Astronomische und Physikalische Geodaesie Forschungseinrichtung Satellitengeodaesi},
  year =        {1999},
  address =     {M{\"u}nchen}
}

@book{forsyth2012vision,
title = {Computer vision : a modern approach},
series = {Always learning},
author = {Forsyth, David A. and Ponce, Jean},
address = {Boston, Mass.},
publisher = {Pearson},
year = {2012},
edition = {2. ed., internat. ed.}
}

@inproceedings{furgale2012continuous,
  title={Continuous-time batch estimation using temporal basis functions},
  author={Furgale, Paul and Barfoot, Timothy D and Sibley, Gabe},
  booktitle={Robotics and Automation (ICRA), 2012 IEEE International Conference on},
  pages={2088--2095},
  year={2012},
  organization={IEEE}
}

@inproceedings{furgale2013unified,
  title={Unified temporal and spatial calibration for multi-sensor systems},
  author={Furgale, Paul and Rehder, Joern and Siegwart, Roland},
  booktitle={Intelligent Robots and Systems (IROS), 2013 IEEE/RSJ International Conference on},
  pages={1280--1286},
  year={2013},
  organization={IEEE}
}

@Manual{furgale2014kalibr,
  title =        {Kalibr},
  author =       {Furgale, Paul and Maye, Jerome and Rehder , Joern and Schneider , Thomas},
  organization = {ETH Zuerich},
  address =      {https://github.com/ethz-asl/kalibr},
  year =         {2014}
}


@book{gross1999mechanik,
title = {Technische Mechanik},
volume = {3: Kinetik},
author = {Gross, Dietmar and Hauger, Werner and Schnell, Walter},
series = {Springer Lehrbuch},
address = {Berlin},
publisher = {Springer},
year = {1999},
edition = {6. Aufl.}
}

@book{craig1986robot,
title = {Introduction to Robotics Mechanics and Control},
author = {John J. Craig},
address = {Reading, Massachusetts [u.a.]},
publisher = {Addison-Wesley},
year = {1986}
}

@book{groves2013gnss,
title = {Principles of GNSS, inertial, and multisensor integrated navigation systems},
series = {Artech House GNSS libraryGNSS technology and applications series},
author = {Groves, Paul D.},
address = {Boston, Mass. [u.a.]},
publisher = {Artech House},
year = {2013},
edition = {2. ed.}
}


@book{hartley2003multiple,
  title={Multiple view geometry in computer vision},
  author={Hartley, Richard and Zisserman, Andrew},
  year={2003},
  publisher={Cambridge university press}
}

@InProceedings{kitt2010visual,
  author =    {Kitt, Bernd and Geiger, Andreas and Lategahn, Henning},
  title =     {Visual odometry based on stereo image sequences with RANSAC-based outlier rejection scheme.},
  booktitle = {Intelligent Vehicles Symposium},
  year =      {2010},
  pages =     {486--492}
}
	
@article{lobo2007relative,
  title={Relative pose calibration between visual and inertial sensors},
  author={Lobo, Jorge and Dias, Jorge},
  journal={The International Journal of Robotics Research},
  volume={26},
  number={6},
  pages={561--575},
  year={2007},
  publisher={SAGE Publications}
}


@MastersThesis{lorenz2014odom,
  author = {Lorenz, Axel},
  title =  {Integration von visueller Odometrie in einen Lokalisierungsschaetzer},
  school = {Hochschule Karlsruhe},
  year =   {2014}
}

@article{mirzaei2008kalman,
  title={A Kalman filter-based algorithm for IMU-camera calibration: Observability analysis and performance evaluation},
  author={Mirzaei, Faraz M and Roumeliotis, Stergios},
  journal={Robotics, IEEE Transactions on},
  volume={24},
  number={5},
  pages={1143--1156},
  year={2008},
  publisher={IEEE}
}

@Book{nocedal2006levenberg,
  title =     {Numerical optimization},
  publisher = {Springer},
  year =      {2006},
  author =    {Nocedal, Jorge and Wright, Stephen J.},
  series =    {Springer series in operation research and financial engineering},
  address =   {New York, NY},
  edition =   {2. ed.}
}

@book{prautzsch2002spline,
title = {Bezier and B-spline techniques},
series = {Mathematics + visualization},
author = {Prautzsch, Hartmut and B{\"o}hm, Wolfgang and Paluszny, Marco},
address = {Berlin [u.a.]},
publisher = {Springer},
year = {2002}
}

@book{titterton2004strapdown,
  title={Strapdown Inertial Navigation Technology},
  author={Titterton, D. and Weston, J.L.},
  edition = {2. ed.},
  series={Progress in astronautics and aeronautics},
  volume = {207},
  year={2004},
  publisher={Stevenage : Institution of Electrical Engineers}
}
@book{wendel2007integrierte,
  title={Integrierte Navigationssysteme: Sensordatenfusion, GPS und Inertiale Navigation},
  author={Wendel, Jan},
  year={2007},
  publisher={Oldenbourg, M{\"u}nchen, Germany}
}

@article{willert2013odom,
  author =  {Willert, Volker},
  title =   {Maschinelles Sehen f{\"u}r mobile Roboter: Virtuell-aktive visuelle Odometrie},
  journal = {at - Automatisierungstechnik},
  year =    {2013}
}
